[gd_scene load_steps=26 format=1]

[ext_resource path="res://objects/gui/pong.gd" type="Script" id=1]
[ext_resource path="res://objects/level/background.png" type="Texture" id=2]
[ext_resource path="res://objects/goal/goal.gd" type="Script" id=3]
[ext_resource path="res://objects/player/player.gd" type="Script" id=4]
[ext_resource path="res://objects/player/pad.png" type="Texture" id=5]
[ext_resource path="res://objects/player/life0.png" type="Texture" id=6]
[ext_resource path="res://objects/player/life1.png" type="Texture" id=7]
[ext_resource path="res://objects/player/life2.png" type="Texture" id=8]
[ext_resource path="res://objects/player/life3.png" type="Texture" id=9]
[ext_resource path="res://objects/ball/ball.gd" type="Script" id=10]
[ext_resource path="res://objects/ball/ball.png" type="Texture" id=11]
[ext_resource path="res://objects/corner/corner.png" type="Texture" id=12]
[ext_resource path="res://objects/gui/victory.gd" type="Script" id=13]
[ext_resource path="res://objects/gui/player1wins.png" type="Texture" id=14]
[ext_resource path="res://objects/gui/player2wins.png" type="Texture" id=15]
[ext_resource path="res://objects/gui/player3wins.png" type="Texture" id=16]
[ext_resource path="res://objects/gui/player4wins.png" type="Texture" id=17]
[ext_resource path="res://objects/gui/credits.png" type="Texture" id=18]

[sub_resource type="RectangleShape2D" id=1]

custom_solver_bias = 0.0
extents = Vector2( 1, 60 )

[sub_resource type="RectangleShape2D" id=2]

custom_solver_bias = 0.0
extents = Vector2( 40, 68 )

[sub_resource type="RectangleShape2D" id=3]

custom_solver_bias = 0.0
extents = Vector2( 1, 8 )

[sub_resource type="SpriteFrames" id=4]

animations = [ { "frames":[ ExtResource( 6 ), ExtResource( 7 ), ExtResource( 8 ), ExtResource( 9 ) ], "loop":true, "name":"default", "speed":5.0 } ]

[sub_resource type="RectangleShape2D" id=5]

custom_solver_bias = 0.0
extents = Vector2( 2, 2 )

[sub_resource type="ConvexPolygonShape2D" id=6]

custom_solver_bias = 0.0
points = Vector2Array( -9, -9, 11, -9, -9, 11 )

[sub_resource type="SpriteFrames" id=7]

animations = [ { "frames":[ ExtResource( 14 ), ExtResource( 15 ), ExtResource( 16 ), ExtResource( 17 ) ], "loop":true, "name":"default", "speed":5.0 } ]

[node name="game" type="Node2D"]

script/script = ExtResource( 1 )

[node name="Background" type="Sprite" parent="."]

transform/pos = Vector2( 80, 72 )
texture = ExtResource( 2 )
modulate = Color( 0.188235, 0.384314, 0.188235, 1 )

[node name="player1Goal" type="StaticBody2D" parent="."]

editor/display_folded = true
transform/pos = Vector2( 0, 72 )
input/pickable = false
shapes/0/shape = SubResource( 1 )
shapes/0/transform = Matrix32( 1, 0, 0, 1, 11, 0 )
shapes/0/trigger = true
collision/layers = 1
collision/mask = 1
constant_linear_velocity = Vector2( 0, 0 )
constant_angular_velocity = 0.0
friction = 1.0
bounce = 0.0
script/script = ExtResource( 3 )

[node name="Area2D" type="Area2D" parent="player1Goal"]

transform/pos = Vector2( -1, 0 )
input/pickable = true
shapes/0/shape = SubResource( 2 )
shapes/0/transform = Matrix32( 1, 0, 0, 1, -30, 0 )
shapes/0/trigger = true
gravity_vec = Vector2( 0, 1 )
gravity = 98.0
linear_damp = 0.1
angular_damp = 1.0

[node name="CollisionShape2D" type="CollisionShape2D" parent="player1Goal/Area2D"]

transform/pos = Vector2( -30, 0 )
shape = SubResource( 2 )
trigger = true
_update_shape_index = 0

[node name="Wall" type="CollisionShape2D" parent="player1Goal"]

transform/pos = Vector2( 11, 0 )
shape = SubResource( 1 )
trigger = true
_update_shape_index = 0

[node name="player2Goal" type="StaticBody2D" parent="."]

editor/display_folded = true
transform/pos = Vector2( 80, -8 )
transform/rot = 90.0
input/pickable = false
shapes/0/shape = SubResource( 1 )
shapes/0/transform = Matrix32( 1, 0, 0, 1, -11, 0 )
shapes/0/trigger = true
collision/layers = 1
collision/mask = 1
constant_linear_velocity = Vector2( 0, 0 )
constant_angular_velocity = 0.0
friction = 1.0
bounce = 0.0
script/script = ExtResource( 3 )

[node name="Area2D" type="Area2D" parent="player2Goal"]

transform/pos = Vector2( 1, 0 )
input/pickable = true
shapes/0/shape = SubResource( 2 )
shapes/0/transform = Matrix32( 1, 0, 0, 1, 30, 0 )
shapes/0/trigger = true
gravity_vec = Vector2( 0, 1 )
gravity = 98.0
linear_damp = 0.1
angular_damp = 1.0

[node name="CollisionShape2D" type="CollisionShape2D" parent="player2Goal/Area2D"]

transform/pos = Vector2( 30, 0 )
shape = SubResource( 2 )
trigger = true
_update_shape_index = 0

[node name="Wall" type="CollisionShape2D" parent="player2Goal"]

transform/pos = Vector2( -11, 0 )
shape = SubResource( 1 )
trigger = true
_update_shape_index = 0

[node name="player3Goal" type="StaticBody2D" parent="."]

editor/display_folded = true
transform/pos = Vector2( 160, 72 )
input/pickable = false
shapes/0/shape = SubResource( 1 )
shapes/0/transform = Matrix32( 1, 0, 0, 1, -11, 0 )
shapes/0/trigger = true
collision/layers = 1
collision/mask = 1
constant_linear_velocity = Vector2( 0, 0 )
constant_angular_velocity = 0.0
friction = 1.0
bounce = 0.0
script/script = ExtResource( 3 )

[node name="Area2D" type="Area2D" parent="player3Goal"]

transform/pos = Vector2( 1, 0 )
input/pickable = true
shapes/0/shape = SubResource( 2 )
shapes/0/transform = Matrix32( 1, 0, 0, 1, 30, -1 )
shapes/0/trigger = true
gravity_vec = Vector2( 0, 1 )
gravity = 98.0
linear_damp = 0.1
angular_damp = 1.0

[node name="CollisionShape2D" type="CollisionShape2D" parent="player3Goal/Area2D"]

transform/pos = Vector2( 30, -1 )
shape = SubResource( 2 )
trigger = true
_update_shape_index = 0

[node name="Wall" type="CollisionShape2D" parent="player3Goal"]

transform/pos = Vector2( -11, 0 )
shape = SubResource( 1 )
trigger = true
_update_shape_index = 0

[node name="player4Goal" type="StaticBody2D" parent="."]

editor/display_folded = true
transform/pos = Vector2( 80, 152 )
transform/rot = 90.0
input/pickable = false
shapes/0/shape = SubResource( 1 )
shapes/0/transform = Matrix32( 1, 0, 0, 1, 11, 0 )
shapes/0/trigger = true
collision/layers = 1
collision/mask = 1
constant_linear_velocity = Vector2( 0, 0 )
constant_angular_velocity = 0.0
friction = 1.0
bounce = 0.0
script/script = ExtResource( 3 )

[node name="Area2D" type="Area2D" parent="player4Goal"]

transform/pos = Vector2( -1, 0 )
input/pickable = true
shapes/0/shape = SubResource( 2 )
shapes/0/transform = Matrix32( 1, 0, 0, 1, -30, 0 )
shapes/0/trigger = true
gravity_vec = Vector2( 0, 1 )
gravity = 98.0
linear_damp = 0.1
angular_damp = 1.0

[node name="CollisionShape2D" type="CollisionShape2D" parent="player4Goal/Area2D"]

transform/pos = Vector2( -30, 0 )
shape = SubResource( 2 )
trigger = true
_update_shape_index = 0

[node name="Wall" type="CollisionShape2D" parent="player4Goal"]

transform/pos = Vector2( 11, 0 )
shape = SubResource( 1 )
trigger = true
_update_shape_index = 0

[node name="player1" type="KinematicBody2D" parent="."]

editor/display_folded = true
transform/pos = Vector2( 21, 72 )
input/pickable = false
shapes/0/shape = SubResource( 3 )
shapes/0/transform = Matrix32( 1, 0, 0, 1, 0, 0 )
shapes/0/trigger = false
collision/layers = 1
collision/mask = 1
collision/margin = 0.08
script/script = ExtResource( 4 )

[node name="Sprite" type="Sprite" parent="player1"]

texture = ExtResource( 5 )
modulate = Color( 0.635294, 0.796078, 0.635294, 1 )

[node name="Lifes" type="AnimatedSprite" parent="player1"]

transform/pos = Vector2( -5, 0 )
frames = SubResource( 4 )
animation = "default"
modulate = Color( 0.631373, 0.792157, 0.631373, 1 )

[node name="CollisionShape2D" type="CollisionShape2D" parent="player1"]

shape = SubResource( 3 )
trigger = false
_update_shape_index = 0

[node name="player2" type="KinematicBody2D" parent="."]

editor/display_folded = true
transform/pos = Vector2( 80, 13 )
transform/rot = 90.0
input/pickable = false
shapes/0/shape = SubResource( 3 )
shapes/0/transform = Matrix32( 1, 0, 0, 1, 0, 0 )
shapes/0/trigger = false
collision/layers = 1
collision/mask = 1
collision/margin = 0.08
script/script = ExtResource( 4 )

[node name="Sprite" type="Sprite" parent="player2"]

texture = ExtResource( 5 )
modulate = Color( 0.635294, 0.796078, 0.635294, 1 )

[node name="Lifes" type="AnimatedSprite" parent="player2"]

transform/pos = Vector2( 5, -3.8147e-06 )
frames = SubResource( 4 )
animation = "default"
modulate = Color( 0.631373, 0.792157, 0.631373, 1 )

[node name="CollisionShape2D" type="CollisionShape2D" parent="player2"]

shape = SubResource( 3 )
trigger = false
_update_shape_index = 0

[node name="player3" type="KinematicBody2D" parent="."]

editor/display_folded = true
transform/pos = Vector2( 139, 72 )
input/pickable = false
shapes/0/shape = SubResource( 3 )
shapes/0/transform = Matrix32( 1, 0, 0, 1, 0, 0 )
shapes/0/trigger = false
collision/layers = 1
collision/mask = 1
collision/margin = 0.08
script/script = ExtResource( 4 )

[node name="Sprite" type="Sprite" parent="player3"]

texture = ExtResource( 5 )
modulate = Color( 0.635294, 0.796078, 0.635294, 1 )

[node name="Lifes" type="AnimatedSprite" parent="player3"]

transform/pos = Vector2( 5, 0 )
frames = SubResource( 4 )
animation = "default"
modulate = Color( 0.631373, 0.792157, 0.631373, 1 )

[node name="CollisionShape2D" type="CollisionShape2D" parent="player3"]

shape = SubResource( 3 )
trigger = false
_update_shape_index = 0

[node name="player4" type="KinematicBody2D" parent="."]

editor/display_folded = true
transform/pos = Vector2( 80, 131 )
transform/rot = 90.0
input/pickable = false
shapes/0/shape = SubResource( 3 )
shapes/0/transform = Matrix32( 1, 0, 0, 1, 0, 0 )
shapes/0/trigger = false
collision/layers = 1
collision/mask = 1
collision/margin = 0.08
script/script = ExtResource( 4 )

[node name="Sprite" type="Sprite" parent="player4"]

texture = ExtResource( 5 )
modulate = Color( 0.635294, 0.796078, 0.635294, 1 )

[node name="Lifes" type="AnimatedSprite" parent="player4"]

transform/pos = Vector2( -5, 2.74181e-06 )
frames = SubResource( 4 )
animation = "default"
modulate = Color( 0.631373, 0.792157, 0.631373, 1 )

[node name="CollisionShape2D" type="CollisionShape2D" parent="player4"]

shape = SubResource( 3 )
trigger = false
_update_shape_index = 0

[node name="Ball" type="RigidBody2D" parent="."]

editor/display_folded = true
transform/pos = Vector2( 80, 72 )
input/pickable = false
shapes/0/shape = SubResource( 5 )
shapes/0/transform = Matrix32( 1, 0, 0, 1, 0, 0 )
shapes/0/trigger = false
collision/layers = 1
collision/mask = 1
mode = 2
mass = 1.0
friction = 0.0
bounce = 1.0
gravity_scale = 0.0
custom_integrator = false
continuous_cd = 0
contacts_reported = 1
contact_monitor = true
sleeping = false
can_sleep = true
velocity/linear = Vector2( -50, 0 )
velocity/angular = 0.0
damp_override/linear = 0.0
damp_override/angular = 0.0
script/script = ExtResource( 10 )

[node name="Particles2D" type="Particles2D" parent="Ball"]

visibility/behind_parent = true
config/amount = 8
config/lifetime = 1.0
config/local_space = false
config/texture = ExtResource( 11 )
params/direction = 0.0
params/spread = 1.0
params/linear_velocity = 0.0
params/spin_velocity = 0.0
params/orbit_velocity = 0.0
params/gravity_direction = 0.0
params/gravity_strength = 0.0
params/radial_accel = 0.0
params/tangential_accel = 0.0
params/damping = 0.0
params/initial_angle = 0.0
params/initial_size = 0.8
params/final_size = 0.0
params/hue_variation = 0.0
params/anim_speed_scale = 1.0
params/anim_initial_pos = 0.0
color/color = Color( 0.545098, 0.67451, 0.0588235, 1 )

[node name="Node2D" type="Node2D" parent="Ball"]

transform/pos = Vector2( -80, -72 )

[node name="Sprite" type="Sprite" parent="Ball"]

texture = ExtResource( 11 )
modulate = Color( 0.607843, 0.737255, 0.0588235, 1 )

[node name="CollisionShape2D" type="CollisionShape2D" parent="Ball"]

shape = SubResource( 5 )
trigger = false
_update_shape_index = 0

[node name="Corners" type="Node2D" parent="."]

editor/display_folded = true

[node name="Upper Left Corner" type="StaticBody2D" parent="Corners"]

editor/display_folded = true
transform/pos = Vector2( 21, 13 )
input/pickable = false
shapes/0/shape = SubResource( 6 )
shapes/0/transform = Matrix32( 1, 0, 0, 1, 0, 0 )
shapes/0/trigger = false
collision/layers = 1
collision/mask = 1
constant_linear_velocity = Vector2( 0, 0 )
constant_angular_velocity = 0.0
friction = 1.0
bounce = 0.0

[node name="Sprite" type="Sprite" parent="Corners/Upper Left Corner"]

texture = ExtResource( 12 )

[node name="CollisionPolygon2D" type="CollisionPolygon2D" parent="Corners/Upper Left Corner"]

build_mode = 0
polygon = Vector2Array( -9, -9, 11, -9, -9, 11 )
shape_range = Vector2( 0, 0 )
trigger = false

[node name="Lower Upper Corner" type="StaticBody2D" parent="Corners"]

editor/display_folded = true
transform/pos = Vector2( 139, 131 )
transform/rot = 180.0
input/pickable = false
shapes/0/shape = SubResource( 6 )
shapes/0/transform = Matrix32( 1, 0, 0, 1, 0, 0 )
shapes/0/trigger = false
collision/layers = 1
collision/mask = 1
constant_linear_velocity = Vector2( 0, 0 )
constant_angular_velocity = 0.0
friction = 1.0
bounce = 0.0

[node name="Sprite" type="Sprite" parent="Corners/Lower Upper Corner"]

texture = ExtResource( 12 )

[node name="CollisionPolygon2D" type="CollisionPolygon2D" parent="Corners/Lower Upper Corner"]

build_mode = 0
polygon = Vector2Array( -9, -9, 11, -9, -9, 11 )
shape_range = Vector2( 0, 0 )
trigger = false

[node name="Lower Left Corner" type="StaticBody2D" parent="Corners"]

editor/display_folded = true
transform/pos = Vector2( 21, 131 )
transform/rot = 90.0
input/pickable = false
shapes/0/shape = SubResource( 6 )
shapes/0/transform = Matrix32( 1, 0, 0, 1, 0, 0 )
shapes/0/trigger = false
collision/layers = 1
collision/mask = 1
constant_linear_velocity = Vector2( 0, 0 )
constant_angular_velocity = 0.0
friction = 1.0
bounce = 0.0

[node name="Sprite" type="Sprite" parent="Corners/Lower Left Corner"]

texture = ExtResource( 12 )

[node name="CollisionPolygon2D" type="CollisionPolygon2D" parent="Corners/Lower Left Corner"]

build_mode = 0
polygon = Vector2Array( -9, -9, 11, -9, -9, 11 )
shape_range = Vector2( 0, 0 )
trigger = false

[node name="Upper Right Corner" type="StaticBody2D" parent="Corners"]

editor/display_folded = true
transform/pos = Vector2( 139, 13 )
transform/rot = -90.0
input/pickable = false
shapes/0/shape = SubResource( 6 )
shapes/0/transform = Matrix32( 1, 0, 0, 1, 0, 0 )
shapes/0/trigger = false
collision/layers = 1
collision/mask = 1
constant_linear_velocity = Vector2( 0, 0 )
constant_angular_velocity = 0.0
friction = 1.0
bounce = 0.0

[node name="Sprite" type="Sprite" parent="Corners/Upper Right Corner"]

texture = ExtResource( 12 )

[node name="CollisionPolygon2D" type="CollisionPolygon2D" parent="Corners/Upper Right Corner"]

build_mode = 0
polygon = Vector2Array( -9, -9, 11, -9, -9, 11 )
shape_range = Vector2( 0, 0 )
trigger = false

[node name="victory" type="Node2D" parent="."]

transform/pos = Vector2( 80, 72 )
transform/scale = Vector2( 2.5, 2.25 )
script/script = ExtResource( 13 )

[node name="AnimatedSprite" type="AnimatedSprite" parent="victory"]

transform/pos = Vector2( 0, -1.90735e-06 )
transform/scale = Vector2( 0.4, 0.444444 )
frames = SubResource( 7 )
animation = "default"
modulate = Color( 0.0588235, 0.219608, 0.0588235, 1 )

[node name="Sprite" type="Sprite" parent="victory"]

transform/pos = Vector2( 0, 8.88889 )
transform/scale = Vector2( 0.4, 0.444444 )
texture = ExtResource( 18 )
modulate = Color( 0.0588235, 0.219608, 0.0588235, 1 )

[connection signal="body_enter" from="player1Goal/Area2D" to="player1Goal" method="_on_Area2D_body_enter"]

[connection signal="body_enter" from="player2Goal/Area2D" to="player2Goal" method="_on_Area2D_body_enter"]

[connection signal="body_enter" from="player3Goal/Area2D" to="player3Goal" method="_on_Area2D_body_enter"]

[connection signal="body_enter" from="player4Goal/Area2D" to="player4Goal" method="_on_Area2D_body_enter"]


